@article{GPU_Gems_3,    
    title = {Chapter 39. Prallel Prefix Sum (Scan) with CUDA},
    author = {Mark Harris, Shubhabrata Sengupta and John D. Owens} ,
    link = {https://developer.nvidia.com/gpugems/gpugems3/part-vi-gpu-computing/chapter-39-parallel-prefix-sum-scan-cuda},
}

@article{Fri_ucilnica,    
    title = {Fri uicilnica, Vzporedni in porazdeljeni sistemi in algoritmi},
    author = {Prof. Dr. Patricio BuliÄ‡} ,
    link = {https://ucilnica.fri.uni-lj.si/course/view.php?id=40},
}